@article{DBLP:journals/siamcomp/KnuthMP77,
  author    = {Donald E. Knuth and
               James H. Morris Jr. and
               Vaughan R. Pratt},
  title     = {Fast Pattern Matching in Strings},
  journal   = {{SIAM} J. Comput.},
  volume    = {6},
  number    = {2},
  pages     = {323--350},
  year      = {1977}
}

@inproceedings{DBLP:journals/corr/Gluck13,
  author    = {Robert Gl{\"{u}}ck},
  title     = {Simulation of Two-Way Pushdown Automata Revisited},
  booktitle = {Festschrift for Dave Schmidt},
  series    = {{EPTCS}},
  volume    = {129},
  pages     = {250--258},
  year      = {2013}
}